@ARTICLE{Jain,
    author={R. {Jain} and H. -. {Nagel}},
    journal={IEEE Transactions on Pattern Analysis and Machine Intelligence},
    title={On the Analysis of Accumulative Difference Pictures from Image Sequences of Real World Scenes},
    year={1979},
    volume={PAMI-1},
    number={2},
    pages={206-214},
    keywords={Image analysis;Image sequence analysis;Image sequences;Layout;TV;Image recognition;Strontium;Noise reduction;Computer science;Detection and description of moving objects;scene analysis;TV-frame sequences},
    doi={10.1109/TPAMI.1979.4766907},
    ISSN={1939-3539},
    month={April},
}
@ARTICLE{Sing,
    author = {Singh, Birmohan and Singh, Dalwinder and Singh, Gurwinder and Sharma, Neeraj and Kumar, Vicky},
    year = {2014},
    month = {07},
    pages = {578-584},
    title = {Motion detection for video surveillance},
    isbn = {978-1-4799-3140-8},
    journal = {2014 International Conference on Signal Propagation and Computer Technology, ICSPCT 2014},
    doi = {10.1109/ICSPCT.2014.6884919}
}
@INPROCEEDINGS{Gaba,
    author={N. {Gaba} and N. {Barak} and S. {Aggarwal}},
    booktitle={2016 IEEE 1st International Conference on Power Electronics, Intelligent Control and Energy Systems (ICPEICES)},
    title={Motion detection, tracking and classification for automated Video Surveillance},
    year={2016},
    volume={},
    number={},
    pages={1-5},
    keywords={image sequences;motion estimation;video surveillance;motion detection;automated video surveillance;object identification;tracking motion;vital information;automatic video analysis;surrounding environment;dynamic variations;pixel dependent;subsequent frame;Tracking;Motion detection;Image segmentation;Motion segmentation;Surveillance;Intelligent control;Image color analysis;Object Tracking;Motion Detection;Background Subtraction;Ghost Object;Normalized Cut Segmentation;Video Surveillance;Abandoned Objects;Background Modelling;Object Classification},
    doi={10.1109/ICPEICES.2016.7853536},
    ISSN={null},
    month={July},}

@article{Sehairi_2017,
    title={Comparative study of motion detection methods for video surveillance systems},
    volume={26},
    ISSN={1017-9909},
    url={http://dx.doi.org/10.1117/1.JEI.26.2.023025},
    DOI={10.1117/1.jei.26.2.023025},
    number={2},
    journal={Journal of Electronic Imaging},
    publisher={SPIE-Intl Soc Optical Eng},
    author={Sehairi, Kamal and Chouireb, Fatima and Meunier, Jean},
    year={2017},
    month={Apr},
    pages={023025}
}

@ARTICLE{Oliver,
    author={N. M. {Oliver} and B. {Rosario} and A. P. {Pentland}},
    journal={IEEE Transactions on Pattern Analysis and Machine Intelligence},
    title={A Bayesian computer vision system for modeling human interactions},
    year={2000},
    volume={22},
    number={8},
    pages={831-843},
    keywords={surveillance;computer vision;learning systems;hidden Markov models;Bayes methods;object recognition;real-time systems;image segmentation;real-time systems;computer vision;machine learning;human behavior recognition;visual surveillance;Bayes method;pattern recognition;hidden Markov model;people detection;image segmentation;Bayesian methods;Computer vision;Humans;Hidden Markov models;Machine learning;Surveillance;Real time systems;Learning systems;Artificial intelligence;Object detection},
    doi={10.1109/34.868684},
    ISSN={1939-3539},
    month={Aug},}